<record><leader>00000cas a22000007a 4500</leader><controlfield tag="001">25124937</controlfield><controlfield tag="008">920117d18941921wyuwr ne      0    0eng d</controlfield><datafield ind1=" " ind2=" " tag="010"><subfield code="a">sn 92066906 </subfield></datafield><datafield ind1=" " ind2=" " tag="040"><subfield code="a">NVO</subfield><subfield code="b">eng</subfield><subfield code="c">NVO</subfield><subfield code="d">OCLCQ</subfield></datafield><datafield ind1=" " ind2=" " tag="042"><subfield code="a">msc</subfield></datafield><datafield ind1="0" ind2="4" tag="245"><subfield code="a">The Wheatland world.</subfield></datafield><datafield ind1="1" ind2="3" tag="246"><subfield code="a">Wheatland weekly world</subfield><subfield code="f">Aug. 16, 1918-Nov. 9, 1918</subfield></datafield><datafield ind1=" " ind2=" " tag="260"><subfield code="a">Wheatland, Laramie County, Wyo. :</subfield><subfield code="b">I.O. Middaugh</subfield></datafield><datafield ind1=" " ind2=" " tag="300"><subfield code="a">v.</subfield></datafield><datafield ind1=" " ind2=" " tag="310"><subfield code="a">Weekly</subfield></datafield><datafield ind1="1" ind2=" " tag="362"><subfield code="a">Vol. 1, no. 1 (Oct. 19, 1894)-v. 27, no. 25 (Apr. 27, 1921).</subfield></datafield><datafield ind1=" " ind2=" " tag="500"><subfield code="a">Imprint varies.</subfield></datafield><datafield ind1=" " ind2=" " tag="580"><subfield code="a">Daily ed.: Wheatland daily world, 1918.</subfield></datafield><datafield ind1=" " ind2="4" tag="651"><subfield code="a">Wheatland (Wyo.)</subfield><subfield code="v">Newspapers.</subfield></datafield><datafield ind1=" " ind2="4" tag="651"><subfield code="a">Platte County (Wyo.)</subfield><subfield code="v">Newspapers.</subfield></datafield><datafield ind1=" " ind2="4" tag="651"><subfield code="a">Laramie County (Wyo.)</subfield><subfield code="v">Newspapers.</subfield></datafield><datafield ind1=" " ind2=" " tag="752"><subfield code="a">United States</subfield><subfield code="b">Wyoming</subfield><subfield code="c">Platte</subfield><subfield code="d">Wheatland.</subfield></datafield><datafield ind1=" " ind2=" " tag="752"><subfield code="a">United States</subfield><subfield code="b">Wyoming</subfield><subfield code="c">Laramie</subfield><subfield code="d">Wheatland.</subfield></datafield><datafield ind1="1" ind2=" " tag="775"><subfield code="t">Wheatland daily world</subfield><subfield code="w">(DLC)sn 92066907</subfield></datafield><datafield ind1="0" ind2="7" tag="785"><subfield code="t">Wheatland times (Wheatland, Wyo. : 1913)</subfield><subfield code="w">(DLC)sn 92066903</subfield></datafield><datafield ind1="0" ind2="7" tag="785"><subfield code="t">Wheatland times and Wheatland world</subfield><subfield code="w">(DLC)sn 92066904</subfield></datafield><datafield ind1="1" ind2=" " tag="029"><subfield code="a">AU@</subfield><subfield code="b">000025908972</subfield></datafield></record>